@book{proPyDeb,
  title={{Pro Python Best Practices Debugging, Testing and Maintenance}},
  author={Kristian Rother},
  isbn={9781484222409},
  year={2017}
}

@misc{excDocPyt,
title = {{Built-in Exceptions}},
howpublished = {\url{https://docs.python.org/3/library/exceptions.html}}
}

@misc{logDocPyt,
title = {{Logging in Python}},
howpublished = {\url{https://docs.python.org/3/library/logging.html}}
}

@misc{ppDocPyt,
title = {{Pretty Printing}},
howpublished = {\url{https://docs.python.org/3/library/pprint.html}}
}

@misc{pdbDocPyt,
title = {{PDB}},
howpublished = {\url{https://docs.python.org/3/library/pdb.html}}
}

@misc{bdbDocPyt,
title = {{BDB}},
howpublished = {\url{https://docs.python.org/2/library/bdb.html}}
}

@misc{pdbExamples,
title = {{PDB}},
howpublished = {\url{https://realpython.com/python-debugging-pdb/}}
}

@misc{pyCharm,
title = {{Debug your first Python application}},
howpublished = {\url{https://www.jetbrains.com/help/pycharm/debugging-your-first-python-application.html}}
}


@article{artikal,
title = {{Python Programming-Applications and Future}},
author={Kalyani, Adawadkar},
journal={International Journal of Advance Engineering and Research Development (IJAERD)},
year={2017}
}


